<record><leader>00000cas a2200000 a 4500</leader><controlfield tag="001">13091594</controlfield><controlfield tag="008">860131c19419999wauwr ne      0   a0eng d</controlfield><datafield ind1=" " ind2=" " tag="010"><subfield code="a">sn 88085035 </subfield></datafield><datafield ind1=" " ind2=" " tag="040"><subfield code="a">WAU</subfield><subfield code="b">eng</subfield><subfield code="c">WAU</subfield><subfield code="d">SLZ</subfield><subfield code="d">OCL</subfield><subfield code="d">OCLCQ</subfield><subfield code="d">OCLCF</subfield><subfield code="d">OCLCO</subfield></datafield><datafield ind1="1" ind2=" " tag="029"><subfield code="a">AU@</subfield><subfield code="b">000020505782</subfield></datafield><datafield ind1=" " ind2=" " tag="037"><subfield code="b">White Salmon Enterprise, 220 Jewett Blvd., White Salmon, WA 98672</subfield></datafield><datafield ind1=" " ind2=" " tag="042"><subfield code="a">msc</subfield></datafield><datafield ind1=" " ind2=" " tag="043"><subfield code="a">n-us-wa</subfield></datafield><datafield ind1="0" ind2=" " tag="130"><subfield code="a">Enterprise (White Salmon, Wash.)</subfield></datafield><datafield ind1="1" ind2="4" tag="245"><subfield code="a">The Enterprise.</subfield></datafield><datafield ind1=" " ind2=" " tag="260"><subfield code="a">White Salmon, Wash. :</subfield><subfield code="b">White Salmon Enterprise,</subfield><subfield code="c">1941-</subfield></datafield><datafield ind1=" " ind2=" " tag="300"><subfield code="a">v. :</subfield><subfield code="b">ill. ;</subfield><subfield code="c">57 cm.</subfield></datafield><datafield ind1=" " ind2=" " tag="310"><subfield code="a">Weekly</subfield></datafield><datafield ind1="0" ind2=" " tag="362"><subfield code="a">Vol. 39, no. 4 (Apr. 25, 1941)-</subfield></datafield><datafield ind1=" " ind2=" " tag="500"><subfield code="a">"Independent." Cf. Ayer directory of publications.</subfield></datafield><datafield ind1=" " ind2="0" tag="651"><subfield code="a">White Salmon (Wash.)</subfield><subfield code="v">Newspapers.</subfield></datafield><datafield ind1=" " ind2="7" tag="655"><subfield code="a">Newspapers.</subfield><subfield code="2">fast</subfield><subfield code="0">(OCoLC)fst01423814</subfield></datafield><datafield ind1=" " ind2="7" tag="651"><subfield code="a">Washington (State)</subfield><subfield code="z">White Salmon.</subfield><subfield code="2">fast</subfield><subfield code="0">(OCoLC)fst01273426</subfield></datafield><datafield ind1=" " ind2=" " tag="752"><subfield code="a">United States</subfield><subfield code="b">Washington</subfield><subfield code="c">Klickitat</subfield><subfield code="d">White Salmon.</subfield></datafield><datafield ind1="0" ind2="0" tag="780"><subfield code="t">White Salmon enterprise</subfield><subfield code="w">(DLC)sn 88085036</subfield></datafield><datafield ind1="0" ind2="5" tag="780"><subfield code="t">Mt. Adams sun</subfield><subfield code="w">(DLC)sn 88085025</subfield></datafield></record>